<?xml version="1.0" encoding="UTF-8"?><collection xmlns="http://www.loc.gov/MARC21/slim"><record><leader>00564nam--2200193-i-4500</leader><controlfield tag="001">000003282</controlfield><controlfield tag="002">20161230</controlfield><controlfield tag="005">20170116223947</controlfield><controlfield tag="008">060222s1000------------r-----000-0-eng-d</controlfield><datafield ind1=" " ind2=" " tag="020"><subfield code="a">0080210449</subfield></datafield><datafield ind1=" " ind2=" " tag="040"><subfield code="a">IFIN-HH</subfield></datafield><datafield ind1=" " ind2=" " tag="080"><subfield code="a">537.311.322</subfield></datafield><datafield ind1="1" ind2=" " tag="100"><subfield code="a">Roy, D. K</subfield></datafield><datafield ind1="1" ind2="0" tag="245"><subfield code="a">Tunnelling and negative resistance phenomena in semiconductors</subfield><subfield code="b">Volume 11</subfield><subfield code="c">D.K. Roy</subfield></datafield><datafield ind1=" " ind2=" " tag="260"><subfield code="a">Oxford</subfield><subfield code="b">Pergamon Press</subfield><subfield code="c">1977</subfield></datafield><datafield ind1=" " ind2=" " tag="300"><subfield code="a">213 p</subfield></datafield><datafield ind1=" " ind2=" " tag="490"><subfield code="a">International Series In The Science Of The Solid State</subfield></datafield><datafield ind1=" " ind2=" " tag="852"><subfield code="a">30272</subfield><subfield code="c">537.311.33</subfield></datafield><datafield ind1=" " ind2=" " tag="CAT"><subfield code="a">SYS</subfield><subfield code="c">20170116</subfield><subfield code="h">223947</subfield></datafield></record></collection>